@article{SIM01,
  author    = "Simon Hickinbotham and Michael Weeks and James Austin",
  journal   = "Agnostic hosting of Articial Life simulations 71",
  title     = " The ALife Zoo: cross-browser",
  URL	     = "https://mitpress.mit.edu/books/advances-artificial-life-ecal-2013"
 year      = 2013
}
@article{ZOE01,
  author    = "Zoe Bukovak and Alan Dorin and Adrian Dyer",
  journal   = "Conference: European Conference on Artificial Life 2013",
  title     = "A-Bees See: A Simulation to Assess Social Bee - Visual Attention During Complex Search",
  URL       = "https://mitpress.mit.edu/books/advances-artificial-life-ecal-2013",
  year      = 2013
}
